@inproceedings{szafir2021connecting,
  title={Connecting human-robot interaction and data visualization},
  author={Szafir, Daniel and Szafir, Danielle Albers},
  booktitle={Proceedings of the 2021 ACM/IEEE International Conference on Human-Robot Interaction},
  pages={281--292},
  year={2021}
}

@article{zhang2021interactive,
  title={Interactive IoT Data Visualization for Decision Making in Business Intelligence},
  author={Zhang, Lidong and Vinodhini, B and Maragatham, T},
  journal={Arabian Journal for Science and Engineering},
  pages={1--11},
  year={2021},
  publisher={Springer}
}

@article{qin2020making,
  title={Making data visualization more efficient and effective: a survey},
  author={Qin, Xuedi and Luo, Yuyu and Tang, Nan and Li, Guoliang},
  journal={The VLDB Journal},
  volume={29},
  number={1},
  pages={93--117},
  year={2020},
  publisher={Springer}
}

@inproceedings{zhu2007measuring,
  title={Measuring effective data visualization},
  author={Zhu, Ying},
  booktitle={International symposium on visual computing},
  pages={652--661},
  year={2007},
  organization={Springer}
}

@inproceedings{protopsaltis2020data,
  title={Data visualization in internet of things: tools, methodologies, and challenges},
  author={Protopsaltis, Antonis and Sarigiannidis, Panagiotis and Margounakis, Dimitrios and Lytos, Anastasios},
  booktitle={Proceedings of the 15th International Conference on Availability, Reliability and Security},
  pages={1--11},
  year={2020}
}

@inproceedings{nuamah2017human,
  title={Human machine interface in the Internet of Things (IoT)},
  author={Nuamah, Joseph and Seong, Younho},
  booktitle={2017 12th System of Systems Engineering Conference (SoSE)},
  pages={1--6},
  year={2017},
  organization={IEEE}
}

@inproceedings{akanmu2014user,
  title={A user-centered design methodology for students' data-focused InfoVis},
  author={Akanmu, Semiu Ayobami and Jamaludin, Zulikha},
  booktitle={2014 3rd International Conference on User Science and Engineering (i-USEr)},
  pages={115--118},
  year={2014},
  organization={IEEE}
}

@article{aparicio2015data,
  title={Data visualization},
  author={Aparicio, Manuela and Costa, Carlos J},
  journal={Communication design quarterly review},
  volume={3},
  number={1},
  pages={7--11},
  year={2015},
  publisher={ACM New York, NY, USA}
}

@incollection{friendly2008brief,
  title={A brief history of data visualization},
  author={Friendly, Michael},
  booktitle={Handbook of data visualization},
  pages={15--56},
  year={2008},
  publisher={Springer}
}

@article{sadiku2016data,
  title={Data visualization},
  author={Sadiku, Matthew and Shadare, Adebowale E and Musa, Sarhan M and Akujuobi, Cajetan M and Perry, Roy},
  journal={International Journal of Engineering Research And Advanced Technology (IJERAT)},
  volume={2},
  number={12},
  pages={11--16},
  year={2016}
}